<?xml version="1.0" encoding="UTF-8"?>
<record xmlns="http://www.loc.gov/MARC21/slim" xmlns:xsi="http://www.w3.org/2001/XMLSchema-instance" xsi:schemaLocation="http://www.loc.gov/MARC21/slim http://www.loc.gov/standards/marcxml/schema/MARC21slim.xsd">
<leader>     cam a2200265 a 4500</leader>
<controlfield tag="001">001700697</controlfield>
<controlfield tag="003">NNU</controlfield>
<controlfield tag="005">19940116164853.0</controlfield>
<controlfield tag="008">911216m19581960sy            000 0 ara d</controlfield>
<datafield tag="035" ind1="9" ind2=" ">
<subfield code="a">NYUb12249273</subfield>
</datafield>
<datafield tag="035" ind1=" " ind2=" ">
<subfield code="a">(CSt-H)notisAKE8424</subfield>
</datafield>
<datafield tag="035" ind1=" " ind2=" ">
<subfield code="a">(CStRLIN)CSUXAKE8424-B</subfield>
</datafield>
<datafield tag="040" ind1=" " ind2=" ">
<subfield code="a">CSt-H</subfield>
<subfield code="c">CSt-H</subfield>
</datafield>
<datafield tag="043" ind1=" " ind2=" ">
<subfield code="a">a-sy---</subfield>
</datafield>
<datafield tag="100" ind1="1" ind2=" ">
<subfield code="a">Kayyālī, ʻAbd al-Raḥmān.</subfield>
</datafield>
<datafield tag="245" ind1="1" ind2="3">
<subfield code="a">al-Marāḥil fī al-intidāb al-Faransī wa-fī niḍālinā al-waṭanī /</subfield>
<subfield code="c">ʻAbd al-Raḥmān al-Kayyālī.</subfield>
</datafield>
<datafield tag="260" ind1=" " ind2=" ">
<subfield code="a">Ḥalab, Sūriyā :</subfield>
<subfield code="b">[s.n.],</subfield>
<subfield code="c">1958-1960</subfield>
<subfield code="e">(Ḥalab :</subfield>
<subfield code="f">Maṭbaʻat al-Ḍād)</subfield>
</datafield>
<datafield tag="300" ind1=" " ind2=" ">
<subfield code="a">4 v. in 3 ;</subfield>
<subfield code="c">25 cm.</subfield>
</datafield>
<datafield tag="505" ind1="1" ind2=" ">
<subfield code="a">Al-Juzʼ 1. Min ʻām 1926 ḥattá nihāyat ʻām 1939. -- al-Juzʼ 2. ʻAhd Dī Mārtil min ʻām 1933 ilá ʻām 1934. -- al-Juzʼ 3. ʻAhd Dī Mārtil min ʻām 1934 liá ʻām 1936. -- al-Juzʼ 4. Min ʻām 1936-1939.</subfield>
</datafield>
<datafield tag="651" ind1=" " ind2="0">
<subfield code="a">Syria</subfield>
<subfield code="x">History</subfield>
<subfield code="y">20th century.</subfield>
</datafield>
<datafield tag="OWN" ind1=" " ind2=" ">
<subfield code="a">GENERAL</subfield>
</datafield>
<datafield tag="950" ind1=" " ind2=" ">
<subfield code="l">BMAIN</subfield>
<subfield code="a">DS98</subfield>
<subfield code="b">.K3</subfield>
</datafield>
<datafield tag="955" ind1=" " ind2=" ">
<subfield code="l">BMAIN</subfield>
<subfield code="c">1:v.1</subfield>
<subfield code="r">019092249</subfield>
</datafield>
<datafield tag="955" ind1=" " ind2=" ">
<subfield code="l">BMAIN</subfield>
<subfield code="c">1:v.2</subfield>
<subfield code="r">019092058</subfield>
</datafield>
<datafield tag="955" ind1=" " ind2=" ">
<subfield code="l">BMAIN</subfield>
<subfield code="c">1:v.3</subfield>
<subfield code="r">019092306</subfield>
</datafield>
<datafield tag="987" ind1=" " ind2=" ">
<subfield code="a">record : use?</subfield>
<subfield code="b">4 v. in 3 on match?</subfield>
</datafield>
<datafield tag="998" ind1=" " ind2=" ">
<subfield code="s">9115</subfield>
</datafield>
<datafield tag="AVA" ind1=" " ind2=" ">
<subfield code="a">NYU50</subfield>
<subfield code="b">BOBST</subfield>
<subfield code="c">Main Collection</subfield>
<subfield code="d">DS98 .K3</subfield>
<subfield code="e">unavailable</subfield>
<subfield code="t">Unavailable</subfield>
<subfield code="f">3</subfield>
<subfield code="g">3</subfield>
<subfield code="h">Y</subfield>
<subfield code="i">0</subfield>
<subfield code="j">MAIN</subfield>
<subfield code="k">0</subfield>
</datafield>
</record>
